@article{EATS2001,
	Author = {Subar, A. F. and Thompson, F.  E. and Kipnis, V. and  Mithune, D. and Hurwitz, P. and McNutt, S. and McIntosh, A. and  Rosenfeld, S.},
	Journal = {American Journal of Epidemiology},
	Title = {Comparative validation of the {Block, Willett, and National Cancer Institute} food frequency questionnaires: {The Eating at America's Table Study}},
	Year = {2001},
	Volume = {154},
	Pages = {1089--1099},
	}
	
@article{white1982maximum,
  title={Maximum likelihood estimation of misspecified models},
  author={White, Halbert},
  journal={Econometrica},
  volume={50},
  pages={1--25},
  year={1982},
  publisher={JSTOR}
}

@book{Carroll2006,
  title = {Measurement Error in Nonlinear Models: A Modern Perspective, Second
	Edition},
  publisher = {Chapman and Hall},
  year = {2006},
  author = {Carroll, R. J. and Ruppert, D. and  Stefanski, L. A. and Crainiceanu, C. M.},
}

@article{twbb2018,
  title={Categorizing a Continuous Predictor Subject to Measurement Error},
  author={Blas, B. and Wang, T. and Su, T. and Kipnis, V. and Dodd, K. and Carroll, R.J.},
  journal={(submitted)},
  volume={},
  pages={},
  year={2018+},
  publisher={}
}
